@article{hopfield1988artificial,
  title={Artificial neural networks},
  author={Hopfield, John J},
  journal={IEEE Circuits and Devices Magazine},
  volume={4},
  number={5},
  pages={3--10},
  year={1988},
  publisher={IEEE}
}

@article{krizhevsky2014cifar,
  title={The CIFAR-10 dataset},
  author={Krizhevsky, Alex and Nair, Vinod and Hinton, Geoffrey},
  journal={online: http://www. cs. toronto. edu/kriz/cifar. html},
  year={2014}
}

@misc{harvey2017,
title={Let’s evolve a neural network with a genetic algorithm—code included},
author={Harvey, Matt},
howpublished={online: https://blog. coast. ai/lets-evolve-a-neural-network-with-a-genetic-algorithm-code-included-8809bece164},
month={april},
year={2017}}
